<?xml version="1.0" encoding="UTF-8"?><record xmlns="http://www.loc.gov/MARC21/slim" xmlns:cinclude="http://apache.org/cocoon/include/1.0" xmlns:zs="http://www.loc.gov/zing/srw/">
  <leader>00469cz  a2200133n  4500</leader>
  <controlfield tag="001">n  94046609 </controlfield>
  <controlfield tag="003">DLC</controlfield>
  <controlfield tag="005">19960920090117.8</controlfield>
  <controlfield tag="008">940513n| acannaab|          |n aaa |||  </controlfield>
  <datafield tag="010" ind1=" " ind2=" ">
    <subfield code="a">n  94046609 </subfield>
    <subfield code="z">n  96010599 </subfield>
  </datafield>
  <datafield tag="040" ind1=" " ind2=" ">
    <subfield code="a">DLC</subfield>
    <subfield code="c">DLC</subfield>
    <subfield code="d">DLC</subfield>
  </datafield>
  <datafield tag="100" ind1="1" ind2="0">
    <subfield code="a">Reddick, John</subfield>
  </datafield>
  <datafield tag="670" ind1=" " ind2=" ">
    <subfield code="a">Georg BuĚchner, 1994:</subfield>
    <subfield code="b">CIP t.p. (John Reddick) publisher's announcement (Professor of German, Head of Dept. of German, Univ. of Liverpool)</subfield>
  </datafield>
  <datafield tag="670" ind1=" " ind2=" ">
    <subfield code="a">LC data base, 5-13-94</subfield>
    <subfield code="b">(hdg.: Reddick, John)</subfield>
  </datafield>
</record>